@article{A,
	author = {Ma Hong and Zhang Yuanyuan},
	title = "Suggestions on subsidy policy of electric vehicles based on the game of government",
	journal = "enterprises and consumers",
	year = "2015"
}